@misc{glsp-repo,
  author       = {Philip Langer and Tobias Ortmayr},
  title        = {Eclipse GLSP},
  year         = {2025},
  publisher    = {GitHub},
  journal      = {GitHub repository},
  howpublished = {\url{https://github.com/eclipse-glsp/glsp}},
  commit       = {c29a688bb4fa4d0d14c1cb994bdad55d1d4516e1}
}